<?xml version="1.0" encoding="UTF-8"?><collection xmlns="http://www.loc.gov/MARC21/slim"><record><leader>00462nam--2200169-i-4500</leader><controlfield tag="001">000029652</controlfield><controlfield tag="002">20161230</controlfield><controlfield tag="005">20161230201037</controlfield><controlfield tag="008">060222s1000------------r-----000-0-eng-d</controlfield><datafield ind1="1" ind2=" " tag="100"><subfield code="a">Schober, Glenn</subfield></datafield><datafield ind1="1" ind2="0" tag="245"><subfield code="a">Univalent functions-selected topics</subfield></datafield><datafield ind1=" " ind2=" " tag="260"><subfield code="a">Berlin, Springer-verlag, 1975</subfield></datafield><datafield ind1=" " ind2=" " tag="300"><subfield code="a">198 p</subfield></datafield><datafield ind1=" " ind2=" " tag="490"><subfield code="a">Lecture Notes In Mathematics</subfield><subfield code="v">Vol.478</subfield></datafield><datafield ind1=" " ind2=" " tag="700"><subfield code="a">Schober, Glenn</subfield></datafield><datafield ind1=" " ind2=" " tag="852"><subfield code="a">45386</subfield><subfield code="c">517.53 : 517.55</subfield></datafield><datafield ind1=" " ind2=" " tag="CAT"><subfield code="a">Sys</subfield><subfield code="c">20080819</subfield><subfield code="h">134922</subfield></datafield></record></collection>